@inproceedings{LLVM:CGO04,
     Author  = {Chris Lattner and Vikram Adve},
     Title = {{LLVM}: A Compilation Framework for Lifelong Program Analysis and Transformation},
     Booktitle = CGO,
     Address = {San Jose, CA, USA},
     Month = {Mar},
     Year  = {2004},
     pages       = {75--88},
}

@online{Yx,
  author = {Yonghao ZHUANG},
  title = {Yx},
  year = {2020},
  url = {https://github.com/ZYHowell/Yx},
  urldate = {2021.9.24},
}
